% This file was created with JabRef 2.10b2.
% Encoding: UTF-8


@Book{Abraham:FoundationsOfMechanics,
  Title                    = {{Foundations of Mechanics}},
  Author                   = {Abraham, R. and Marsden, J. E.},
  Publisher                = {Westview Press},
  Year                     = {1978}
}

@Book{Abraham:Tensor,
  Title                    = {{Manifolds, Tensor Analysis, and Applications}},
  Author                   = {Abraham, R. and Marsden, J. E. and Ratiu, T.},
  Publisher                = {Springer},
  Year                     = {1988},
  Edition                  = {2}
}

@Article{Alshamasin:Scara,
  Title                    = {Kinematic Modeling and Simulation of a SCARA Robot by Using Solid Dynamics and Verification by MATLAB/Simulink},
  Author                   = {M.S. Alshamasin and F. Ionescu and R.T. Al-Kasasbeh},
  Journal                  = {European Journal of Scientific Research},
  Year                     = {2009},
  Number                   = {3},
  Pages                    = {388-405},
  Volume                   = {37},

  Owner                    = {matthias},
  Timestamp                = {2016.12.17}
}

@Book{Angeles:Robotic,
  Title                    = {Fundamentals of Robotic Mechanical Systems: Theory, Methods, and Algorithms},
  Author                   = {J. Angeles},
  Publisher                = {Springer},
  Year                     = {2002},

  Owner                    = {matthias},
  Timestamp                = {2016.09.23}
}

@Article{Appell:formeGenerale,
  Title                    = {{Sur une forme générale des équations de la dynamique}},
  Author                   = {Appell, P. E.},
  Journal                  = {J. Reine Angew. Math.},
  Year                     = {1900},
  Pages                    = {310--319},
  Volume                   = {121},

  Owner                    = {matthias},
  Timestamp                = {2017.01.19}
}

@Article{Arnold:ThinCylinder,
  Title                    = {{Flexual vibrations of the walls of thin cylindrical shells having freely supported ends}},
  Author                   = {Arnold, R. N. and Warburton, G.B.},
  Journal                  = {Proceedings of the Royal Society of London},
  Year                     = {1949},
  Pages                    = {238--256},
  Volume                   = {197A}
}

@Book{arnold:gewDGL,
  Title                    = {{Gew{\"o}hnliche Differentialgleichungen}},
  Author                   = {Arnold, Vladimir I.},
  Publisher                = {Springer},
  Year                     = {2001},

  Address                  = {Berlin Heidelberg},
  Edition                  = {2}
}

@Book{Arnold:MathematicalMethodsOfClassicalMechanics,
  Title                    = {{Mathematical Methods of Classical Mechanics}},
  Author                   = {Arnold, V. I.},
  Publisher                = {Springer},
  Year                     = {1989},

  Address                  = {New York},
  Series                   = {{Graduate Texts in Mathematics}},
  Volume                   = {60}
}

@Book{ArnoldKozlov:Mechanics,
  Title                    = {Mathematical Aspects of Classical and Celestial Mechanics},
  Author                   = {V. I. Arnold and V. V. Kozlov and A. I. Neishtadt},
  Publisher                = {Springer},
  Year                     = {2002},
  Series                   = {Encyclopaedia of Mathematical Sciences},
  Volume                   = {3},

  Owner                    = {matthias},
  Timestamp                = {2016.12.29}
}

@Article{Beji:RotorcraftTracking,
  Title                    = {Streamlined Rotors Mini Rotorcraft: Trajectory Generation and Tracking},
  Author                   = {Beji, L. and Abichou, A.},
  Journal                  = {International Journal of Control, Automation, and Systems},
  Year                     = {2005},

  Owner                    = {matthias},
  Timestamp                = {2017.08.31}
}

@Book{Bernstein:MatrixMathematics,
  Title                    = {Matrix Mathematics},
  Author                   = {Bernstein, Dennis S.},
  Publisher                = {Princeton University Press},
  Year                     = {2009},
  Edition                  = {2nd},

  Owner                    = {matthias},
  Timestamp                = {2019.03.02}
}

@Book{Bertsekas:NonlinearProgramming,
  Title                    = {Nonlinear programming},
  Author                   = {Bertsekas, D. P.},
  Publisher                = {Athena scientific},
  Year                     = {1999},

  Owner                    = {matthias},
  Timestamp                = {2017.06.14}
}

@Book{Bertsekas:LagrangeMultipliers,
  Title                    = {Constraint Optimization and Lagrange Multiplier Methods},
  Author                   = {Bertsekas, D. P. and Rheinboldt, W.},
  Publisher                = {Academic Press},
  Year                     = {1982},

  Owner                    = {matthias},
  Timestamp                = {2017.06.14}
}

@Book{Bloch:NonholonomicMechanics,
  Title                    = {{Nonholonomic Mechanics and Control}},
  Author                   = {Bloch, A. M.},
  Publisher                = {Springer},
  Year                     = {2003}
}

@Article{bloch:NonholonomicMechanicalSystemsWithSymmetry,
  Title                    = {{Nonholonomic Mechanical Systems with Symmetry}},
  Author                   = {Bloch, A. M. and Krishnaprasad, P. S. and Marsden, J. E. and Murray, R. M.},
  Journal                  = {{Archive for Rational Mechanics and Analysis}},
  Year                     = {1996},
  Number                   = {1},
  Pages                    = {21--99},
  Volume                   = {136},

  Publisher                = {Springer}
}

@Article{bloch2000controlled,
  Title                    = {{Controlled Lagrangians and the stabilization of mechanical systems. I. The first matching theorem}},
  Author                   = {Bloch, A. M. and Leonard, N. E. and Marsden, J. E.},
  Journal                  = {IEEE Trans. on Automatic Control},
  Year                     = {2000},
  Number                   = {12},
  Pages                    = {2253--2270},
  Volume                   = {45},

  Publisher                = {IEEE}
}

@InProceedings{bloch1997stabilization,
  Title                    = {{Stabilization of mechanical systems using controlled Lagrangians}},
  Author                   = {Bloch, A. M. and Leonard, N. E. and Marsden, J. E.},
  Booktitle                = {Decision and Control, 1997., Proc. of the 36th IEEE Conference on},
  Year                     = {1997},
  Organization             = {IEEE},
  Pages                    = {2356--2361},
  Volume                   = {3}
}

@InProceedings{Bloch:Quasivelocities,
  Title                    = {{Quasivelocities and Stabilization of Relative Equilibria of Underactuated Nonholonomic Systems}},
  Author                   = {Bloch, A. M. and Marsden, J. E. and Zenkov, D. V.},
  Booktitle                = {{Proc. 48th IEEE Conf. on Decision and Control}},
  Year                     = {2009},

  _pages                   = {3335--3340}
}

@Booklet{Bloch:NonholonomicDynamics,
  Title                    = {{Nonholonomic Dynamics}},
  Author                   = {Bloch, A. M. and Marsden, J. E. and Zenkov, D. V.},
  HowPublished             = {Notices of the American Mathematical Society, 52:324-333},
  Note                     = {\\ \url{http://www.ams.org/notices/200503/fea-bloch.pdf}},
  Year                     = {2005}
}

@Book{Boltzmann:WissenschaftlicheAbhandlungen,
  Title                    = {Wissenschaftliche Abhandlungen},
  Author                   = {Boltzmann, L.},
  Publisher                = {Johann Ambrosius Barth},
  Year                     = {1909},

  Owner                    = {matthias},
  Timestamp                = {2017.01.10}
}

@InCollection{Boltzmann:NonholCoord,
  Title                    = {{Über die Form der Lagrangeschen Gleichungen für nichtholonome, generalisierte Koordinaten}},
  Author                   = {Boltzmann, L.},
  Booktitle                = {Wissenschaftliche Abhandlungen},
  Publisher                = {Johann Ambrosius Barth},
  Year                     = {1902},
  Pages                    = {682--692},
  Volume                   = {3},

  Journal                  = {Wien. Ber.},
  Owner                    = {matthias},
  Timestamp                = {2017.01.10}
}

@Book{Boltzmann:PrincipeDerMechanik,
  Title                    = {Vorlesungen ueber die Pincipe der Mechanik},
  Author                   = {L. Boltzmann},
  Publisher                = {Johan Ambrosius Barth},
  Year                     = {1897},

  Owner                    = {matthias},
  Timestamp                = {2019.11.02}
}

@Book{Boothby:DiffGeo,
  Title                    = {An introduction to differentiable manifolds and Riemannian geometry},
  Author                   = {Boothby, W. M.},
  Publisher                = {Academic Press},
  Year                     = {1986},

  Owner                    = {matthias},
  Timestamp                = {2017.06.08}
}

@Article{Borisov:RollingRB,
  Title                    = {The rolling motion of a rigid body on a plane and sphere: Hierarchy of Dynamics},
  Author                   = {Borisov, A. V. and Mamaev, I. S.},
  Journal                  = {Regular and Chaotic Dynamics},
  Year                     = {2002},
  Number                   = {2},
  Pages                    = {177--200},
  Volume                   = {7},

  Owner                    = {matthias},
  Timestamp                = {2017.11.12}
}

@Book{Bosch:LineareAlgebra,
  Title                    = {{Lineare Algebra}},
  Author                   = {Bosch, Siegfried},
  Publisher                = {Springer},
  Year                     = {2008},

  Address                  = {Berlin Heidelberg},
  Edition                  = {4}
}

@Book{Bosch:Algebra,
  Title                    = {{Algebra}},
  Author                   = {Bosch, Siegfried},
  Publisher                = {Springer},
  Year                     = {2006},

  Address                  = {Berlin Heidelberg},
  Edition                  = {6}
}

@InProceedings{Bouabdallah:Quadrotor,
  Title                    = {{Full control of a quadrotor}},
  Author                   = {Bouabdallah, S. and Siegwart, R.},
  Booktitle                = {{IEEE/RSJ Int. Conf. Intelligent Robots and Systems}},
  Year                     = {2007},
  Pages                    = {153--158},

  _month                   = {29 2007-nov. 2}
}

@InCollection{Bremer:NonholonomicVariables,
  Title                    = {On the Use of Nonholonomic Variables in Robotics},
  Author                   = {Bremer, H.},
  Booktitle                = {Selected Topics in Structronics and Mechatronic Systems},
  Publisher                = {World Scientific},
  Year                     = {2003},
  Editor                   = {Belyaev, A. and Guran, A.},
  Volume                   = {3},

  Owner                    = {matthias},
  Timestamp                = {2017.01.15},
  Url                      = {https://books.google.de/books?hl=de&lr=&id=AGTC29fSpUIC&oi=fnd&pg=PA1&dq=On+the+use+of+nonholonomic+variables+in+robotics&ots=Qj99AXza23&sig=GiWuQNoFswTtz-VEyqKAHh08szo#v=onepage&q=On%20the%20use%20of%20nonholonomic%20variables%20in%20robotics&f=false}
}

@Book{Bremer:ElasticMultibodyDynamics,
  Title                    = {Elastic Multibody Dynamics: A Direct Ritz Approach},
  Author                   = {Bremer, H.},
  Publisher                = {Springer},
  Year                     = {2008},

  Owner                    = {matthias},
  Timestamp                = {2017.01.10}
}

@InProceedings{Bristeau:Propeller,
  Title                    = {The Role of Propeller Aerodynamics in the Model of a Quadrotor UAV},
  Author                   = {Pierre-Jean Bristeau and Philippe Martin and Erwan Salaün and Nicolas Petit},
  Booktitle                = {Proc. ECC 2009},
  Year                     = {2009},
  Pages                    = {683--688},

  Owner                    = {matthias},
  Timestamp                = {2018.08.27}
}

@Book{bronstein,
  Title                    = {{Taschenbuch der Mathematik}},
  Author                   = {Bronstein, I.N. and Semendjajew, K.A. and Musiol, G. and M{\"u}hlig, H.},
  Publisher                = {Harri Deutsch},
  Year                     = {2005},
  Edition                  = {6th}
}

@Article{Brouwer:HairyBallTheorem,
  Title                    = {{Über Abbildung von Mannigfaltigkeiten}},
  Author                   = {L.E.J. Brouwer},
  Journal                  = {Mathematische Annalen},
  Year                     = {1912},
  Pages                    = {97-115},
  Volume                   = {71},

  Owner                    = {matthias},
  Timestamp                = {2018.11.15},
  Url                      = {{http://eudml.org/doc/158520}}
}

@Book{Bryson:AppliedOptimalControl,
  Title                    = {Applied optimal control: optimization, estimation and control},
  Author                   = {Bryson, A. E.},
  Publisher                = {CRC Press},
  Year                     = {1975},

  Owner                    = {matthias},
  Timestamp                = {2017.07.02}
}

@Book{Bullo:GeometricControl,
  Title                    = {{Geometric Control of Mechanical Systems}},
  Author                   = {Bullo, F. and Lewis, A.D.},
  Publisher                = {Springer},
  Year                     = {2004},
  Series                   = {{Texts in Applied Mathematics}}
}

@Article{Bullo:TrackingAutomatica,
  Title                    = {Tracking for fully actuated mechanical systems: A geometric framework},
  Author                   = {Bullo, F. and Murray, R. M.},
  Journal                  = {Automatica},
  Year                     = {1999},
  Number                   = {1},
  Pages                    = {17--34},
  Volume                   = {35},

  Publisher                = {Elsevier}
}

@Article{Bullo:Tracking,
  Title                    = {{Tracking for fully actuated mechanical systems: A geometric framework}},
  Author                   = {Bullo, F. and Murray, R. M.},
  Year                     = {1997},

  Publisher                = {California Institute of Technology}
}

@Book{Burns:DiffGeo,
  Title                    = {Differential Geometry and Topology},
  Author                   = {Burns, K. and Gidea, M.},
  Publisher                = {CRC Press},
  Year                     = {2005},

  Owner                    = {matthias},
  Timestamp                = {2017.08.31}
}

@Article{Castillo:FourRotor,
  Title                    = {{Real-time stabilization and tracking of a four-rotor mini rotorcraft}},
  Author                   = {Castillo, P. and Dzul, A. and Lozano, R.},
  Journal                  = {IEEE Trans. Contr. Syst. Technol.},
  Year                     = {2004},
  Number                   = {4},
  Pages                    = {510--516},
  Volume                   = {12},

  _doi                     = {10.1109/TCST.2004.825052},
  _issn                    = {1063-6536},
  _month                   = {july}
}

@Article{McClamroch:RigidBodyAttitudeControl,
  Title                    = {{Rigid-Body Attitude Control}},
  Author                   = {Chaturvedi, N. A. and Sanyal, A. K. and McClamroch, N. H.},
  Journal                  = {IEEE Control Systems magazine},
  Year                     = {2011},
  Number                   = {3},
  Pages                    = {30--51},
  Volume                   = {31},

  _doi                     = {10.1109/MCS.2011.940459},
  _issn                    = {1066-033X},
  _month                   = {june}
}

@Article{Chillingworth:3DElasticity,
  Title                    = {Symmetry and bifurcation in three-dimensional elasticity, Part I},
  Author                   = {Chillingwirth, D. R. J. and Marsden, J. E. and Wan, Y. H.},
  Journal                  = {Arch. Rat. Mech. Anal.},
  Year                     = {1982},
  Number                   = {4},
  Pages                    = {295--331},
  Volume                   = {80},

  Owner                    = {matthias},
  Timestamp                = {2017.10.15}
}

@Book{CourantHilbert1,
  Title                    = {Methoden der Mathematischen Physik},
  Author                   = {R. Courant and D. Hilbert},
  Publisher                = {Julius Springer},
  Year                     = {1924},

  Owner                    = {matthias},
  Timestamp                = {2020.11.02}
}

@Article{Davenport:QMethod,
  Title                    = {A Vector Approach to the Algebra of Rotations with Applications},
  Author                   = {Paul B. Davenport},
  Journal                  = {NASA Technical Note D-4696},
  Year                     = {1968},

  Owner                    = {matthias},
  Timestamp                = {2024.04.10}
}

@Article{Rudolph:QuasiStaticIJOC,
  Title                    = {{Control of flat systems by quasi-static feedback of generalized states}},
  Author                   = {Delaleau, E. and Rudolph, J.},
  Journal                  = {Int. J. of Contr.},
  Year                     = {1998},
  Number                   = {5},
  Pages                    = {745--765},
  Volume                   = {71},

  _doi                     = {10.1080/002071798221551},
  _eprint                  = {http://www.tandfonline.com/doi/pdf/10.1080/002071798221551},
  _url                     = {http://www.tandfonline.com/doi/abs/10.1080/002071798221551}
}

@Article{DenavitHartenbergParam,
  Title                    = {A kinematic notation for lower-pair mechanisms based on matrices},
  Author                   = {Jacques Denavit and Richard Hartenberg},
  Journal                  = {Journal of Applied Mechanics},
  Year                     = {1955},
  Number                   = {2},
  Pages                    = {215–221},
  Volume                   = {22},

  Owner                    = {matthias},
  Timestamp                = {2024.01.07}
}

@Article{Desloge:KaneAppell,
  Title                    = {Relationship between {Kane's} equations and the {Gibbs-Appell} equations},
  Author                   = {Desloge, E. A.},
  Journal                  = {Journal of Guidance, Control, and Dynamics},
  Year                     = {1987},
  Number                   = {1},
  Pages                    = {120--122},
  Volume                   = {10},

  Owner                    = {matthias},
  Timestamp                = {2017.02.22}
}

@Book{Diestel:GraphTheory,
  Title                    = {Graph Theory},
  Author                   = {Diestel, R.},
  Publisher                = {Springer},
  Year                     = {2000},
  Series                   = {Graduate Texts in Mathematics},
  Volume                   = {173},

  Owner                    = {matthias},
  Timestamp                = {2016.10.20}
}

@Book{Rockafellar:ImplicitFunctions,
  Title                    = {Implicit Functions and Solution Mappings},
  Author                   = {Asen L. Dontchev and R. Tyrrell Rockafellar},
  Publisher                = {Springer},
  Year                     = {2010},
  Edition                  = {2nd},

  Owner                    = {matthias},
  Timestamp                = {2021.06.19}
}

@Article{Einstein:HamiltonsPrinciple,
  Title                    = {{Hamiltonsches Prinzip und allgemeine Relativitätstheorie}},
  Author                   = {Einstein, A.},
  Journal                  = {Sitzungsberichte der Preussischen Akademie der Wissenschaften zu Berlin},
  Year                     = {1916},

  Owner                    = {matthias},
  Timestamp                = {2017.01.14},
  Url                      = {http://digilib.mpiwg-berlin.mpg.de/digitallibrary/jquery/digilib.html?fn=/permanent/einstein/sitzungsberichte/K7NY6YMW/pageimg}
}

@InProceedings{Escareno2008,
  Title                    = {Triple tilting rotor mini-{UAV}: Modeling and embedded control of the attitude},
  Author                   = {Escare\~{n}o, J. and Sanchez, A. and Garcia, O. and Lozano, R.},
  Booktitle                = {Proc. Am. Control Conf.},
  Year                     = {2008},
  Organization             = {IEEE},
  Pages                    = {3476--3481},

  Owner                    = {drk},
  Timestamp                = {2018.04.27}
}

@Book{Feynmann:Lectures,
  Title                    = {The Feynman Lectures on Physics},
  Author                   = {Feynman, R. and Leighton, R. and Sands, M.},
  Publisher                = {Addison Wesley Longman},
  Year                     = {1964},

  Owner                    = {matthias},
  Timestamp                = {2017.01.15}
}

@Article{Fliess:Flatness,
  Title                    = {Flatness and defect of non-linear systems: introductory theory and examples},
  Author                   = {M. Fliess and J. L´evine and P. MarP. Martin. Rouchon},
  Journal                  = {International Journal of Control},
  Year                     = {1995},
  Number                   = {6},
  Pages                    = {1327--1361},
  Volume                   = {61},

  Owner                    = {matthias},
  Timestamp                = {2021.03.07}
}

@Article{Fliess:LieBacklund,
  Title                    = {{A {Lie-B{\"a}cklund} approach to equivalence and flatness of nonlinear systems}},
  Author                   = {Fliess, M. and Levine, J. and Martin, Ph. and Rouchon, P.},
  Journal                  = {IEEE Trans. Automat. Contr.},
  Year                     = {1999},
  Number                   = {5},
  Pages                    = {922--937},
  Volume                   = {44},

  -doi                     = {10.1109/9.763209},
  -issn                    = {0018-9286},
  -month                   = {may}
}

@Article{Floreano2015,
  Title                    = {Science, technology and the future of small autonomous drones},
  Author                   = {Floreano, Dario and Wood, Robert J},
  Journal                  = {Nature},
  Year                     = {2015},
  Number                   = {7553},
  Pages                    = {460},
  Volume                   = {521},

  Owner                    = {drk},
  Publisher                = {Nature Publishing Group},
  Timestamp                = {2018.04.27}
}

@Book{Fluegge:Schalen,
  Title                    = {{Statik und Dynamik der Schalen}},
  Author                   = {Fluegge, W.},
  Publisher                = {Springer},
  Year                     = {1934},

  _address                 = {Berlin Heidelberg}
}

@Book{Foellinger:Regelungstechnik,
  Title                    = {{Regelungstechnik}},
  Author                   = {Föllinger, O.},
  Publisher                = {VDE Verlag},
  Year                     = {2013},
  Edition                  = {11}
}

@Book{Forster:Analysis1,
  Title                    = {{Analysis 1}},
  Author                   = {Forster, Otto},
  Publisher                = {Springer},
  Year                     = {2008},

  Address                  = {Berlin Heidelberg},
  Edition                  = {9}
}

@Book{Forster:Analysis2,
  Title                    = {{Analysis 2}},
  Author                   = {Forster, Otto},
  Publisher                = {Springer},
  Year                     = {2008},

  Address                  = {Berlin Heidelberg},
  Edition                  = {8}
}

@Book{Frankel:GeometryOfPhysics,
  Title                    = {The Geometry of Physics},
  Author                   = {Frankel, T.},
  Publisher                = {Cambridge University Press},
  Year                     = {1997},

  Owner                    = {matthias},
  Timestamp                = {2017.02.27}
}

@PhdThesis{Fritsch:Diss,
  Title                    = {Energiebasierte Lage- und Positionsfolgeregelung für einen Quadrocopter},
  Author                   = {Oliver Fritsch},
  School                   = {Technische Universität München},
  Year                     = {2014},

  Owner                    = {matthias},
  Timestamp                = {2018.08.27}
}

@InProceedings{Fritsch:QuadrotorQuasisStaticLinearization,
  Title                    = {Quasi-static feedback linearization for the translational dynamics of a quadrotor helicopter},
  Author                   = {Fritsch, O. and {De Monte}, P. and Buhl, M. and Lohmann, B.},
  Booktitle                = {Proc. Am. Control Conf.},
  Year                     = {2012},
  Pages                    = {125--130},

  -issn                    = {0743-1619},
  -month                   = {june}
}

@Article{Fuller:ElasticShellsFilledWithFluid,
  Title                    = {{Characteristics of wave propagation and energy distribution in cylindrical elastic shells filled with fluid}},
  Author                   = {Fuller, C. R. and Fahy, F. J.},
  Journal                  = {Journal of Sound and Vibration},
  Year                     = {1982},
  Pages                    = {501--518},
  Volume                   = {81(4)}
}

@Book{Galileo:TwoNewSciences,
  Title                    = {Discorsi e dimostrazioni matematiche intorno a due nuove scienze},
  Author                   = {Galileo Galilei},
  Year                     = {1638},

  Owner                    = {matthias},
  Timestamp                = {2019.12.09}
}

@Article{Gauss:Principle,
  Title                    = {{Über ein neues allgemeines Grundgesetz der Mechanik}},
  Author                   = {Gauß, C. F.},
  Journal                  = {Journal für die reine und angewandte Mathematik},
  Year                     = {1829},

  Owner                    = {matthias},
  Timestamp                = {2017.06.14}
}

@Article{Gazis:Cylinder,
  Title                    = {{Three-dimensional investigation of the propagation of waves in hollow circular cylinders}},
  Author                   = {Gazis, D. C.},
  Journal                  = {the Journal of the Acoustical Society of America},
  Year                     = {1959},

  Month                    = {May},
  Number                   = {5},
  Pages                    = {568--578},
  Volume                   = {31}
}

@Article{Gibbs:FundamentalFormulaeOfDynamics,
  Title                    = {On the Fundamental Formulae of Dynamics},
  Author                   = {Gibbs, J. W.},
  Journal                  = {Am. J. Math.},
  Year                     = {1879},
  Number                   = {1},
  Pages                    = {49--64},
  Volume                   = {2},

  Owner                    = {matthias},
  Timestamp                = {2017.02.21}
}

@Article{Gilbert:Multivariable,
  Title                    = {{Controllability and Observability in Multivariable Control Systems}},
  Author                   = {Gilbert, E. G.},
  Journal                  = {Journal of the Society for Industrial and Applied Mathematics Series A Control},
  Year                     = {1963},
  Number                   = {2},
  Pages                    = {128--151},
  Volume                   = {1}
}

@Book{Goldstein:ClassicalMechanics,
  Title                    = {Classical Mechanics},
  Author                   = {Goldstein, H.},
  Publisher                = {Addison-Wesley},
  Year                     = {1951}
}

@Book{Golub:MatrixComputations,
  Title                    = {Matrix Computations},
  Author                   = {Gene H Golub and Charles F Van Loan},
  Publisher                = {Johns Hopkins},
  Year                     = {1996},

  Owner                    = {matthias},
  Timestamp                = {2024.04.06}
}

@Article{Gould:EqualityConstrainedQuadraticProgramming,
  Title                    = {On the Solution of Equality Constrained Quadratic Programming Problems Arising in Optimization},
  Author                   = {Gould, N. and Hribar, M. and Nocedal, J.},
  Journal                  = {SIAM Journal on Scientific Computing},
  Year                     = {2001},
  Number                   = {4},
  Pages                    = {1376-1395},
  Volume                   = {23},

  Owner                    = {matthias},
  Timestamp                = {2018.07.06}
}

@Article{Grafarend:AtlasSO3,
  Title                    = {A minimal atlas for the rotation group {SO(3)}},
  Author                   = {Grafarend, E. W. and Kühnel, W.},
  Journal                  = {GEM-International Journal on Geomathematics},
  Year                     = {2011},
  Number                   = {1},
  Pages                    = {113-122},
  Volume                   = {2},

  Owner                    = {matthias},
  Timestamp                = {2017.07.05}
}

@Booklet{Graichen:Optimierung,
  Title                    = {{Optimierung}},

  Address                  = {TU Wien},
  Author                   = {Graichen, Knut},
  HowPublished             = {Vorlesungsskriptum},
  Year                     = {2009}
}

@Book{Gueler:FoundationsOfOptimization,
  Title                    = {{Foundations of Optimization}},
  Author                   = {Güler, O.},
  Publisher                = {Springer},
  Year                     = {2010},
  Series                   = {{Graduate Texts in Mathematics}},
  Volume                   = {258},

  Owner                    = {matthias},
  Timestamp                = {2016.11.26}
}

@MastersThesis{Gutte:TricopterLast,
  Title                    = {{Modellbasierte Regelung und Inbetriebnahme eines Trikopters mit angehängter Last}},
  Author                   = {A. Gutte},
  School                   = {Universität des Saarlandes},
  Year                     = {2015},
  Type                     = {Bachelor's thesis},

  Owner                    = {matthias},
  Timestamp                = {2018.04.30}
}

@Book{Hahn:RigidBodyDynamics1,
  Title                    = {{Rigid Body Dynamics of Mechanisms: 1 Theoretical Basis}},
  Author                   = {Hahn, H.},
  Publisher                = {Springer},
  Year                     = {2002}
}

@Book{Hahn:RigidBodyDynamics2,
  Title                    = {{Rigid Body Dynamics of Mechanisms: 2 Applications}},
  Author                   = {Hahn, H.},
  Publisher                = {Springer},
  Year                     = {2002}
}

@Book{Hall:LieGroups,
  Title                    = {Lie Groups, Lie Algebras, and Representations},
  Author                   = {Hall, Brian},
  Publisher                = {Springer},
  Year                     = {2015},
  Edition                  = {2nd},
  Series                   = {Graduate Texts in Mathematics},
  Volume                   = {222},

  Owner                    = {matthias},
  Timestamp                = {2019.07.24}
}

@Book{Hamel:TheoretischeMechanik,
  Title                    = {Theoretische Mechanik},
  Author                   = {Hamel, G.},
  Publisher                = {Springer},
  Year                     = {1949},

  Owner                    = {matthias},
  Timestamp                = {2016.11.18}
}

@Article{Hamel:HamiltonsNonhol,
  Title                    = {{Das Hamiltonsche Prinzip bei nichtholonomen Systemen}},
  Author                   = {Hamel, G.},
  Journal                  = {Mathematische Annalen},
  Year                     = {1935},
  Pages                    = {94--97},
  Volume                   = {111},

  Owner                    = {matthias},
  Timestamp                = {2017.01.10}
}

@Article{Hamel:LagrangeEuler,
  Title                    = {{Die Lagrange-Eulerschen Gleichungen der Mechanik}},
  Author                   = {Hamel, G.},
  Journal                  = {Z. für Mathematik u. Physik},
  Year                     = {1904},
  Pages                    = {1-57},
  Volume                   = {50}
}

@Article{Hamel:virtuelleVerschiebungen,
  Title                    = {{Über die virtuellen Verschiebungen in der Mechanik}},
  Author                   = {Hamel, G.},
  Journal                  = {Mathematische Annalen},
  Year                     = {1904},
  Pages                    = {416--434},
  Volume                   = {59}
}

@InProceedings{Mahony:Quadrotor2002,
  Title                    = {{Dynamic Modelling and configuration stabilization for an X4-Flyer}},
  Author                   = {Hamel, T. and Mahony, R. and Lozano, R. and Ostrowski, J.},
  Booktitle                = {{Proc. 15th Triennial IFAC World Congress}},
  Year                     = {2002},
  Pages                    = {217--222},

  -month                   = {july}
}

@Article{Hamilton:GeneralMethod,
  Title                    = {On a General Method in Dynamics},
  Author                   = {Hamilton, W. R.},
  Journal                  = {Philosophical Transactions of the Royal Society},
  Year                     = {1834},

  Owner                    = {matthias},
  Timestamp                = {2017.01.14}
}

@Article{Hauser:PVTOL,
  Title                    = {Nonlinear Control Design for Slightly Non-minimum Phase Systems: Application to {V/STOL} Aircraft},
  Author                   = {John Hauser and Shankar Sastry and George Meyer},
  Journal                  = {Automatica},
  Year                     = {1992},
  Number                   = {4},
  Pages                    = {664--679},
  Volume                   = {28},

  Owner                    = {matthias},
  Timestamp                = {2020.09.13}
}

@Article{Hollerbach:RecursiveEoM,
  Title                    = {A recursive lagrangian formulation of maniputator dynamics and a comparative study of dynamics formulation complexity},
  Author                   = {Hollerbach, J. M.},
  Journal                  = {IEEE Transactions on Systems, Man, and Cybernetics},
  Year                     = {1980},
  Number                   = {11},
  Pages                    = {730--736},
  Volume                   = {10},

  Publisher                = {IEEE}
}

@Book{Hooke:OfSprings,
  Title                    = {Lectures De Potentia Restitutiva, or of Spring. Explaining the Power of Springing Bodies},
  Author                   = {Robert Hooke},
  Publisher                = {Printed for John Martyn Printer to the Royal Society},
  Year                     = {1678},

  Owner                    = {matthias},
  Timestamp                = {2019.12.09}
}

@Article{Horn:Quaternions,
  Title                    = {Closed-form solution of absolute orientation using unit quaternions},
  Author                   = {Horn, Berthold K. P.},
  Journal                  = {Journal of the Optical Society of America},
  Year                     = {1987},
  Number                   = {4},
  Pages                    = {629--642},
  Volume                   = {4},

  Owner                    = {matthias},
  Timestamp                = {2018.05.10}
}

@Book{Horn:MatrixAnalysis,
  Title                    = {Matrix Analysis},
  Author                   = {Horn, R. A. and Johnson, C. R.},
  Publisher                = {Cambridge University Press},
  Year                     = {1985}
}

@Book{isermann:mechatronischeSysteme,
  Title                    = {{Mechatronische Systeme}},
  Author                   = {Isermann, R.},
  Publisher                = {Springer},
  Year                     = {2007},
  Edition                  = {2nd}
}

@Book{Jacobi:Dynamik,
  Title                    = {Vorlesungen über Dynamik},
  Author                   = {Jacobi, C. G. J.},
  Publisher                = {G. Reimer},
  Year                     = {1884},

  Owner                    = {matthias},
  Timestamp                = {2017.01.15}
}

@Book{JarzebowskaTracking,
  Title                    = {Model-based tracking control of nonlinear systems},
  Author                   = {Jarzebowska, E.},
  Publisher                = {CRC Press},
  Year                     = {2012}
}

@Book{Johnson:HelicopterTheory,
  Title                    = {{Helicopter Theory}},
  Author                   = {Johnson, W.},
  Publisher                = {Princeton University Press},
  Year                     = {1980}
}

@Article{Kabsch:SSVD,
  Title                    = {A solution for the best rotation to relate two sets of vectors},
  Author                   = {Wolfgang Kabsch},
  Journal                  = {Acta Crystallographica},
  Year                     = {1976},
  Number                   = {5},
  Pages                    = {922},
  Volume                   = {A32},

  Owner                    = {matthias},
  Timestamp                = {2023.10.07}
}

@Book{Kane:Dynamics,
  Title                    = {Dynamics},
  Author                   = {Kane, T. R. and Levinson, D. A.},
  Publisher                = {McGraw Hill},
  Year                     = {1985},

  Owner                    = {matthias},
  Timestamp                = {2017.03.11}
}

@Article{Kane:DynamicalEqInRobotics,
  Title                    = {The use of Kane's dynamical equations in robotics},
  Author                   = {Kane, T. R. and Levinson, D. A.},
  Journal                  = {The International Journal of Robotics Research},
  Year                     = {1983},
  Number                   = {3},
  Pages                    = {3-21},
  Volume                   = {2},

  Owner                    = {matthias},
  Publisher                = {Sage Publications},
  Timestamp                = {2016.09.23}
}

@InProceedings{Kastelan:Tricopter,
  Title                    = {Fully Actuated Tricopter with Pilot-Supporting Control},
  Author                   = {D. Kastelan and M. Konz and J. Rudolph},
  Booktitle                = {Proc. 1st IFAC Workshop on Advanced Control and Navigation for Autonomous Aerospace Vehicles ACNAAV 15},
  Year                     = {2015},
  Pages                    = {79--84},

  Comment                  = {https://doi.org/10.1016/j.ifacol.2015.08.063}
}

@Book{Klein:EntwicklungDerMathematik,
  Title                    = {Vorlesungen über die Entwicklung der Mathematik im 19. Jahrhundert},
  Author                   = {Klein, F.},
  Publisher                = {Julius Springer},
  Year                     = {1926},

  Owner                    = {matthias},
  Timestamp                = {2017.01.10}
}

@InCollection{Koditschek:TotalEnergy,
  Title                    = {{The Application of Total Energy as a {Lyapunov} Function for Mechanical Control Systems}},
  Author                   = {Koditschek, D. E.},
  Booktitle                = {{Dynamics and Control of Multibody Systems}},
  Publisher                = {American Mathematical Society},
  Year                     = {1989},
  Editor                   = {Marsden, J. E. and Krishnaprasad, P. S. and Simo, J. C.},
  Pages                    = {131--157},
  Series                   = {{Contemporary Mathematics}},
  Volume                   = {97},

  Journal                  = {Dynamics and Control of Multibody Systems}
}

@InProceedings{Koditschek:LyapunovCDC,
  Title                    = {{Application of a New {Lyapunov} Function to Global Adaptive Attitude Tracking}},
  Author                   = {Koditschek, D. E.},
  Booktitle                = {{Proc. 27th IEEE Conf. Decision and Control}},
  Year                     = {1988},
  Pages                    = {63--68}
}

@Conference{Konz:Mechatronics,
  Title                    = {Practical Challenges of Fully-Actuated Tricopter Control},
  Author                   = {M. Konz and D. Kastelan and D. Gerbet and J. Rudolph},
  Booktitle                = {Proc. of MECHATRONICS 2018},
  Year                     = {2018},
  Pages                    = {128--135},

  Owner                    = {matthias},
  Timestamp                = {2018.07.17}
}

@InProceedings{Konz:Mathmod2018,
  Title                    = {Redundant configuration coordinates and nonholonomic velocity coordinates in analytical mechanics},
  Author                   = {Konz, M. and J. Rudolph},
  Booktitle                = {{Proc. 9th Vienna Int. Conf. on Mathematical Modelling}},
  Year                     = {2018},
  Pages                    = {409–414},

  Comment                  = {https://doi.org/10.1016/j.ifacol.2018.03.070},
  Owner                    = {matthias},
  Timestamp                = {2018.02.26}
}

@Article{Konz:AT,
  Title                    = {{Beispiele für einen direkten Zugang zu einer globalen, energiebasierten Modellbildung und Regelung von Starrkörpersystemen}},
  Author                   = {Konz, M. and Rudolph, J.},
  Journal                  = {at - Automatisierungstechnik},
  Year                     = {2016},
  Number                   = {2},
  Pages                    = {96-109},
  Volume                   = {64},

  Doi                      = {https://doi.org/10.1515/auto-2015-0095},
  Owner                    = {matthias},
  Timestamp                = {2017.07.24},
  Url                      = {https://www.degruyter.com/view/j/auto.2016.64.issue-2/auto-2015-0095/auto-2015-0095.xml}
}

@InProceedings{Konz:Mathmod,
  Title                    = {Equations of Motion with Redundant Coordinates for Mechanical Systems on Manifolds},
  Author                   = {Konz, M. and Rudolph, J.},
  Booktitle                = {{Proc. 8th Vienna Int. Conf. on Mathematical Modelling}},
  Year                     = {2015},
  Pages                    = {681-682},

  Doi                      = {https://doi.org/10.1016/j.ifacol.2015.05.194},
  Url                      = {https://www.sciencedirect.com/science/article/pii/S2405896315001950}
}

@InProceedings{Konz:QuadrotorMovingFrame,
  Title                    = {Quadrotor Tracking Control based on a Moving Frame},
  Author                   = {Konz, M. and Rudolph, J.},
  Booktitle                = {Proc. 9th IFAC Symposium on Nonlinear Control Systems},
  Year                     = {2013},
  Pages                    = {80-85},

  Location                 = {Toulouse}
}

@Article{Korteweg:UnrichtigeBehandlungsweise,
  Title                    = {{Über eine ziemlich verbreitete unrichtige Behandlungsweise eines Problems der rollenden Bewegung, über die Theorie dieser Bewegung, und ins besondere über kleine rollende Schwingungen um eine Gleichgewichtslage}},
  Author                   = {Korteweg, D. J.},
  Journal                  = {Nieuw Archiefvoor Wiskunde},
  Year                     = {1899},
  Pages                    = {130-155},
  Volume                   = {4},

  Owner                    = {matthias},
  Timestamp                = {2017.01.12}
}

@InCollection{KrRuWo10,
  Title                    = {{Time Scaling in Motion Planning and Control of Tree-Like Pendulum Structures}},
  Author                   = {Krause, M. and Rudolph, J. and Woittennek, F.},
  Booktitle                = {{Advances in the Theory of Control, Signals and Systems with Physical Modeling}},
  Publisher                = {Springer},
  Year                     = {2010},
  Editor                   = {L{\'e}vine, J. and M{\"u}llhaupt, P.},
  Pages                    = {88--98},

  _author                  = {Matthias Krause and Joachim Rudolph and Frank Woittennek},
  Location                 = {Berlin Heidelberg}
}

@Book{Krause:DriveSystems,
  Title                    = {{Analysis of Electrical Machinery and Drive Systems}},
  Author                   = {Krause, P. and Wasynczuk, O. and Sudhoff, S.},
  Publisher                = {John Wiley \& Sons},
  Year                     = {2002},
  Edition                  = {2nd}
}

@Booklet{kugi:Regelungssysteme2,
  Title                    = {{Regelungssysteme 2}},

  Address                  = {TU Wien},
  Author                   = {Kugi, A.},
  HowPublished             = {Vorlesungsskriptum},
  Year                     = {2010}
}

@Booklet{kugi:Regelungssysteme1,
  Title                    = {{Regelungssysteme 1}},

  Address                  = {TU Wien},
  Author                   = {Kugi, A. and Kemmetm{\"u}ller, W.},
  HowPublished             = {Vorlesungsskriptum},
  Year                     = {2013}
}

@Article{Kumar2012,
  Title                    = {Opportunities and challenges with autonomous micro aerial vehicles},
  Author                   = {Kumar, Vijay and Michael, Nathan},
  Journal                  = {Int. J. Rob. Res},
  Year                     = {2012},
  Number                   = {11},
  Pages                    = {1279--1291},
  Volume                   = {31},

  Owner                    = {drk},
  Timestamp                = {2018.04.27}
}

@Book{Lagrange:AnalyticalMechanics,
  Title                    = {Analytical Mechanics (translation of Mécanique analytique by A. Boissonnade and V. N. Vagliente)},
  Author                   = {J. L. Lagrange},
  Publisher                = {Springer},
  Year                     = {1997},

  Owner                    = {matthias},
  Timestamp                = {2016.12.26}
}

@Book{Lagrange:MecaniqueAnalytique,
  Title                    = {{Mécanique analytique}},
  Author                   = {J. L. Lagrange},
  Year                     = {1811},

  Owner                    = {matthias},
  Timestamp                = {2016.12.26}
}

@Book{Lanczos:Variational,
  Title                    = {The Variational Principles of Mechanics},
  Author                   = {C. Lanczos},
  Publisher                = {Dover Publications},
  Year                     = {1986},
  Edition                  = {4}
}

@Book{Landau:Fields,
  Title                    = {The Classical Theory of Fields},
  Author                   = {Landau, L. D. and Lifshitz, E. M.},
  Publisher                = {Pergamon Press},
  Year                     = {1971},
  Series                   = {Course of Theoretical Physics},
  Volume                   = {2},

  Owner                    = {matthias},
  Timestamp                = {2017.07.02}
}

@Book{Landau:Mechanics,
  Title                    = {Mechanics},
  Author                   = {Landau, L. D. and Lifshitz, E. M.},
  Publisher                = {Pergamon Press},
  Year                     = {1960},
  Series                   = {Course of Theoretical Physics},
  Volume                   = {1},

  Owner                    = {matthias},
  Timestamp                = {2017.01.14}
}

@Article{Sastry:QuadrotorSlidingMode,
  Title                    = {{Feedback linearization vs. adaptive sliding mode control for a quadrotor helicopter}},
  Author                   = {Lee, D. and Kim, H. Jin and Sastry, S. S.},
  Journal                  = {Int. J. Control Autom. Syst.},
  Year                     = {2009},
  Pages                    = {419--428},
  Volume                   = {7},

  Issue                    = {3}
}

@Book{Lee:SmoothManifolds,
  Title                    = {Introduction to Smooth Manifolds},
  Author                   = {Lee, J. M.},
  Publisher                = {Springer},
  Year                     = {2003},

  Owner                    = {matthias},
  Timestamp                = {2016.12.27}
}

@InProceedings{Lee:QuadrotorCDC,
  Title                    = {Geometric Tracking Control of a Quadrotor {UAV} on {SE(3)}},
  Author                   = {Taeyoung Lee and Melvin Leok and Harris McClamroch},
  Booktitle                = {49th IEEE conf. on decision and control (CDC)},
  Year                     = {2010},
  Pages                    = {5420--5425},

  Owner                    = {matthias},
  Timestamp                = {2021.04.11}
}

@Article{Lee:QuadrotorGeoControl,
  Title                    = {Control of Complex Maneuvers for a Quadrotor {UAV} using Geometric Methods on {SE(3)}},
  Author                   = {Lee, T. and Leok, M. and McClamroch, H.},
  Journal                  = {{ArXiv e-prints}},
  Year                     = {2010},
  Note                     = {\url{http://arxiv.org/abs/1003.2005v4}},

  Publisher                = {arXiv},
  Url                      = {http://arxiv.org/abs/1003.2005v4}
}

@InProceedings{Lenoir:2kPi,
  Title                    = {{{$2k \pi$}, the juggling robot}},
  Author                   = {Lenoir, Y. and Martin, Ph. and Rouchon, P.},
  Booktitle                = {{Proc. 37th IEEE Conf. Decision and Control}},
  Year                     = {1998},
  Pages                    = {1995--2000},
  Volume                   = {2},

  _doi                     = {10.1109/CDC.1998.758619},
  _issn                    = {0191-2216},
  _month                   = {dec}
}

@Book{Leonhard:ControlOfElectronicalDrives,
  Title                    = {{Control of Electronical Drives}},
  Author                   = {Leonhard, W.},
  Publisher                = {Springer},
  Year                     = {2001},
  Edition                  = {3rd}
}

@Article{Lesser:GeometricInterpretationOfKanesEquations,
  Title                    = {A Geometric Interpretation of Kane's Equations},
  Author                   = {Lesser, Martin},
  Journal                  = {Proceedings of the Royal Society of London},
  Year                     = {1992},
  Number                   = {1896},
  Pages                    = {69--87},
  Volume                   = {436},

  Owner                    = {matthias},
  Timestamp                = {2017.03.19}
}

@Article{Lewis:Variational,
  Title                    = {Variational principles in constrained systems: theory and experiments},
  Author                   = {Lewis, A. and Murray, R. M.},
  Journal                  = {Int. J. Nonlinear Mech.},
  Year                     = {1995},
  Pages                    = {793--815},
  Volume                   = {30},

  Owner                    = {matthias},
  Timestamp                = {2017.01.13}
}

@InProceedings{Lewis:Snakeboard,
  Title                    = {{Nonholonomic Mechanics and Locomotion: The Snakeboard Example}},
  Author                   = {Lewis, A. and Ostrowski, J. and Murray, R. and Burdick, J.},
  Booktitle                = {{In Proc. IEEE Int. Conf. Robotics and Automation}},
  Year                     = {1994},
  Pages                    = {2391--2397}
}

@Article{Lewis:GaussPrinciple,
  Title                    = {The geometry of the {Gibbs–Appell} equations and {Gauss’s} Principle of Least Constraint},
  Author                   = {Lewis, A. D.},
  Journal                  = {Reports on Mathematical Physics},
  Year                     = {1996},
  Number                   = {1},
  Pages                    = {11-28},
  Volume                   = {38},

  Owner                    = {matthias},
  Timestamp                = {2017.07.11}
}

@Book{Love:Elasticity,
  Title                    = {{A Treatise on the Mathematical Theory of Elasticity}},
  Author                   = {Love, A. E. H.},
  Publisher                = {Cambridge University Press},
  Year                     = {1927},
  Edition                  = {4}
}

@Book{Ludyk:TheoRegel2,
  Title                    = {{Theoretische Regelungstechnik 2}},
  Author                   = {Ludyk, G.},
  Publisher                = {Springer},
  Year                     = {1995}
}

@Book{Luenberger:LinearAndNonlinearProgramming,
  Title                    = {Linear and Nonlinear Programming},
  Author                   = {D. G. Luenberger and Y. Ye},
  Publisher                = {Springer},
  Year                     = {2015},
  Edition                  = {4th},

  Owner                    = {matthias},
  Timestamp                = {2017.06.22}
}

@Book{Lunze:Regel2,
  Title                    = {{Regelungstechnik 2}},
  Author                   = {Lunze, J.},
  Publisher                = {Springer},
  Year                     = {2008}
}

@InProceedings{Lupashin2010,
  Title                    = {A simple learning strategy for high-speed quadrocopter multi-flips},
  Author                   = {Lupashin, Sergei and Sch\"{o}llig, Angela and Sherback, Michael and D'Andrea, Raffaello},
  Booktitle                = {IEEE Int. Conf. Robotics and Automation},
  Year                     = {2010},
  Organization             = {IEEE},
  Pages                    = {1642--1648},

  Owner                    = {drk},
  Timestamp                = {2018.04.27}
}

@Book{Lurie:AnalyticalMechanics,
  Title                    = {{Analytical Mechanics}},
  Author                   = {Lurie, A. I.},
  Publisher                = {Springer},
  Year                     = {2002}
}

@Article{Markley:Wahba,
  Title                    = {Attitude Determination using Vector Observations and the Singular Value Decomposition},
  Author                   = {F. L. Markley},
  Journal                  = {Journal of the Astronautical Sciences},
  Year                     = {1988},
  Pages                    = {245--258},
  Volume                   = {38},

  Owner                    = {matthias},
  Timestamp                = {2022.02.14}
}

@Book{Marsden:MechanicsAndSymmetry,
  Title                    = {{Introduction to Mechanics and Symmetry}},
  Author                   = {Marsden, J. E. and Ratiu, T. S.},
  Publisher                = {Springer},
  Year                     = {1998},

  Address                  = {Berlin Heidelberg},
  Edition                  = {2nd}
}

@InProceedings{Martin:FlatSystems,
  Title                    = {Flat systems, equivalence and trajectory generation},
  Author                   = {Martin, P. and Murray, R. M. and Rouchon, P.},
  Booktitle                = {Mini-course ECC'97},
  Year                     = {1997},

  Owner                    = {matthias},
  Timestamp                = {2017.09.06}
}

@Article{MRR:InvariantTracking,
  Title                    = {{Invariant tracking}},
  Author                   = {Martin, Ph. and Rouchon, P. and Rudolph, J.},
  Journal                  = {ESAIM: Control, Optimisation and Calculus of Variations},
  Year                     = {2004},
  Pages                    = {1--13},
  Volume                   = {10},

  _doi                     = {10.1051/cocv:2003037},
  _eprint                  = {http://www.esaim-cocv.org/article\_S129281190300037X},
  _issn                    = {1262-3377},
  _numpages                = {13},
  _url                     = {http://dx.doi.org/10.1051/cocv:2003037},
  Issue                    = {1}
}

@InProceedings{Martin:AccelerometerFeedback,
  Title                    = {The True Role of Accelerometer Feedback in Quadrotor Control},
  Author                   = {Martin, Ph. and Salaun, E.},
  Booktitle                = {{IEEE Int. Conf. on Robotics and Automation}},
  Year                     = {2010},
  Pages                    = {1623--1629}
}

@Article{Maruskin:BoltzmannHamel,
  Title                    = {The Boltzmann–Hamel equations for the optimal control of mechanical systems with nonholonomic constraints},
  Author                   = {Maruskin, J. M. and Bloch, A. M.},
  Journal                  = {Int. J. Robust. Nonlinear Control},
  Year                     = {2011},
  Pages                    = {373--386},
  Volume                   = {21},

  Owner                    = {matthias},
  Timestamp                = {2016.12.28}
}

@InProceedings{Mellinger2011,
  Title                    = {Minimum snap trajectory generation and control for quadrotors},
  Author                   = {Mellinger, D. and Kumar, V.},
  Booktitle                = {IEEE Int. Conf. Robotics and Automation},
  Year                     = {2011},
  Month                    = {May},
  Pages                    = {2520--2525},

  Owner                    = {drk},
  Timestamp                = {2018.04.27}
}

@Article{MellingerIJRR12,
  Title                    = {{Trajectory Generation and Control for Precise Aggressive Manuevers with Quadrotors}},
  Author                   = {Mellinger, D. and Michael, N. and Kumar, V.},
  Journal                  = {Int. J. Rob. Res.},
  Year                     = {2012},
  Number                   = {5},
  Pages                    = {664--674},
  Volume                   = {31}
}

@Book{Misner:Gravitation,
  Title                    = {Gravitation},
  Author                   = {Misner, C. W. and Thorne, K. S. and Wheeler, J. A.},
  Publisher                = {W. H. Freeman and Company},
  Year                     = {1973},

  Owner                    = {matthias},
  Timestamp                = {2017.02.14}
}

@InProceedings{Mohamed2012,
  Title                    = {Design and control of novel tri-rotor {UAV}},
  Author                   = {Mohamed, Mohamed Kara and Lanzon, Alexander},
  Booktitle                = {UKACC International Conference on Control},
  Year                     = {2012},
  Pages                    = {304--309},

  Owner                    = {drk},
  Timestamp                = {2018.04.27}
}

@Article{Murray:Acrobot,
  Title                    = {{A case study in approximate linearization: The acrobat example}},
  Author                   = {Murray, R. M. and Hauser, J. E.},
  Year                     = {1991},

  Publisher                = {Electronics Research Laboratory, College of Engineering, University of California}
}

@Book{Murray:Robotic,
  Title                    = {{A Mathematical Introduction to Robotic Manipulation}},
  Author                   = {Murray, R. M. and Li, Z. and Sastry, S. S.},
  Publisher                = {CRC Press},
  Year                     = {1994}
}

@InProceedings{MurrayFlatCataloge,
  Title                    = {Differential flatness of mechanical control systems: A catalog of prototype systems},
  Author                   = {Murray, R. M. and Rathinam, M. and Sluis, W.},
  Booktitle                = {Proceedings of the ASME International Congressand Exposition},
  Year                     = {1995},

  Owner                    = {matthias},
  Timestamp                = {2020.04.26}
}

@Book{Neimark:NonholonomicSystems,
  Title                    = {Dynamics of Nonholonomic Systems},
  Author                   = {Neimark, J. I. and Fufaev, N. A.},
  Publisher                = {Amer. Mathem. Society},
  Year                     = {1972},

  Owner                    = {matthias},
  Timestamp                = {2017.06.16}
}

@Book{Newton:PrincipiaEnglish,
  Title                    = {The Mathematical Principles of Natural Philosophy, Translated into English by A. Motte and N. W. Chittenden},
  Author                   = {Isaac Newton},
  Publisher                = {Daniel Adee},
  Year                     = {1846},

  Owner                    = {matthias},
  Timestamp                = {2023.09.17}
}

@Book{Newton:Principia,
  Title                    = {Philosophiae naturalis principia mathematica},
  Author                   = {Newton, Isaac},
  Publisher                = {Jussu Societatis Regiae ac Typis Josephi Streater},
  Year                     = {1687},

  Doi                      = {52126.39088015628399},
  Owner                    = {matthias},
  Timestamp                = {2023.08.04},
  Url                      = {https://doi.org/10.5479/sil.52126.39088015628399}
}

@Book{Nocedal:NumericalOptimization,
  Title                    = {Numerical Optimization},
  Author                   = {J. Nocedal and S. J. Wright},
  Editor                   = {Thomas V. Mikosch and Sidney I. Resnick and Stephen M. Robinson},
  Publisher                = {Springer},
  Year                     = {2006},
  Edition                  = {2nd},

  Owner                    = {matthias},
  Timestamp                = {2018.07.03}
}

@Article{OReilly:RollingDiscs,
  Title                    = {{The Dynamics of Rolling Disks and Sliding Disks}},
  Author                   = {O'Reilly, O.M.},
  Journal                  = {Nonlinear Dynamics},
  Year                     = {1996},
  Number                   = {3},
  Pages                    = {287--305},
  Volume                   = {10}
}

@PhdThesis{OlfatiSaberDiss,
  Title                    = {{Nonlinear Control of Underactuated Mechanical Systems with Applications to Robotics and Aerospace Vehicles}},
  Author                   = {Olfati-Saber, R.},
  School                   = {Massachusetts Institute of Technology},
  Year                     = {2001},

  Address                  = {Cambridge, MA},

  _author                  = {Reza Olfati-Saber}
}

@Book{Olver:LieGroupsDifferentialEq,
  Title                    = {{Applications of {Lie} Groups to Differential Equations}},
  Author                   = {Olver, P.J.},
  Publisher                = {Springer},
  Year                     = {2000},

  _edition                 = {2}
}

@Book{Papastavridis:AnalyticalMechanics,
  Title                    = {Analytical Mechanics},
  Author                   = {Papastavridis, J. G.},
  Publisher                = {World Scientific},
  Year                     = {2002},

  Owner                    = {matthias},
  Timestamp                = {2017.06.16}
}

@Article{Parsa:Kane,
  Title                    = {The {Lagrangian} Derivation of {Kane's} equations},
  Author                   = {Parsa, K.},
  Journal                  = {Transactions of the CSME},
  Year                     = {2007},
  Number                   = {4},
  Pages                    = {407--420},
  Volume                   = {31},

  Owner                    = {matthias},
  Timestamp                = {2016.09.23}
}

@Book{Paesler:PrinzipeDerMechanik,
  Title                    = {Prinzipe der Mechanik},
  Author                   = {Max Päsler},
  Publisher                = {Walter de Gruyter \& Co.},
  Year                     = {1968},

  Owner                    = {matthias},
  Timestamp                = {2020.01.04}
}

@Article{Penrose:Pseudoinverse,
  Title                    = {A generalized inverse for matrices},
  Author                   = {Penrose, Roger},
  Journal                  = {Mathematical proceedings of the Cambridge philosophical society},
  Year                     = {1955},
  Number                   = {3},
  Pages                    = {406--413},
  Volume                   = {51},

  Organization             = {Cambridge University Press},
  Owner                    = {matthias},
  Timestamp                = {2019.09.15}
}

@Book{Pfeiffer:UnilateralContacts,
  Title                    = {Multibody Dynamics with unilateral contacts},
  Author                   = {Pfeiffer, F. and Glocker, C.},
  Publisher                = {Wiley-VCH},
  Year                     = {1996},

  Owner                    = {matthias},
  Timestamp                = {2017.07.14}
}

@MastersThesis{Pillu2012,
  Title                    = {Conception, commande et contr\^ole d'un tricopt\`ere},
  Author                   = {Harald Pillu},
  School                   = {Ecole Centrale de Lille},
  Year                     = {2012},

  Owner                    = {drk},
  Timestamp                = {2018.04.27}
}

@Article{Bullo:RotationDecomposition,
  Title                    = {{On Coordinate-Free Rotation Decomposition: Euler Angles About Arbitrary Axes}},
  Author                   = {Piovan, G. and Bullo, F.},
  Journal                  = {IEEE Trans. Rob.},
  Year                     = {2012},
  Number                   = {3},
  Pages                    = {728--733},
  Volume                   = {28},

  -doi                     = {10.1109/TRO.2012.2184951},
  -issn                    = {1552-3098},
  -month                   = {june}
}

@Article{Poincare:Nouvelle,
  Title                    = {Sur une forme nouvelle des {\'e}quations de la m{\'e}canique},
  Author                   = {Poincar{\'e}, H.},
  Journal                  = {C.R. Acad. Sci.},
  Year                     = {1901},
  Pages                    = {369--371},
  Volume                   = {132}
}

@Article{Poincare:HairyBall,
  Title                    = {Sur les courbes définies par les {\'e}quations diff{\'e}rentielles},
  Author                   = {Poincar{\'e}, H.},
  Journal                  = {Journal de Mathématiques Pures et Appliquées},
  Year                     = {1885},
  Pages                    = {167--244},
  Volume                   = {4},

  Owner                    = {matthias},
  Timestamp                = {2021.05.22}
}

@Book{Rabiner:DSP,
  Title                    = {Theory and Application of Digital Signal Processing},
  Author                   = {Rabiner, L. R. and Gold, B.},
  Publisher                = {Prentice-Hall},
  Year                     = {1975},

  Owner                    = {matthias},
  Timestamp                = {2017.11.09}
}

@Article{RathinamFlatness,
  Title                    = {Configuration Flatness of Lagrangian Systems Underactuated by One Control},
  Author                   = {Muruhan Rathinam and Richard M. Murray},
  Journal                  = {SIAM Journal of Control and Optimization},
  Year                     = {1998},
  Number                   = {1},
  Pages                    = {164--179},
  Volume                   = {36},

  Owner                    = {matthias},
  Timestamp                = {2020.04.26}
}

@Book{Rayleigh:TheoryOfSound,
  Title                    = {The Theory of Sound},
  Author                   = {Rayleigh, J. W. Strutt Baron},
  Publisher                = {Macmillan and Co.},
  Year                     = {1877},

  Owner                    = {matthias},
  Timestamp                = {2017.03.17}
}

@Book{Reddy:Plates,
  Title                    = {{Theory and Analysis of elastic plates}},
  Author                   = {Reddy, J.N.},
  Publisher                = {Taylor \& Francis},
  Year                     = {1998},

  _address                 = {Philadelphia}
}

@Book{Schwertassek:MultibodySystems,
  Title                    = {Dynamics of Multibody Systems},
  Author                   = {Roberson, Robert E and Schwertassek, Richard},
  Publisher                = {Springer},
  Year                     = {1988}
}

@InCollection{RR:InvariantTracking,
  Title                    = {{Invariant tracking and stabilization: problem formulation and examples}},
  Author                   = {Rouchon, P. and Rudolph, J.},
  Booktitle                = {{Stability and Stabilization of Nonlinear Systems}},
  Publisher                = {Springer},
  Year                     = {1999},
  Editor                   = {Aeyels, D. and Lamnabhi-Lagarrigue, F. and van der Schaft, A.},
  Pages                    = {261--273},
  Series                   = {{Lecture Notes in Control and Inform. Sci.}},
  Volume                   = {246}
}

@Book{Rodolph:FlatnessBasedControl,
  Title                    = {Flatness-Based Control: An Introduction},
  Author                   = {Joachim Rudolph},
  Publisher                = {Shaker Verlag},
  Year                     = {2021},

  Owner                    = {matthias},
  Timestamp                = {2021.04.18}
}

@Booklet{Rudolph:SR5,
  Title                    = {{Systemtheorie und Regelungstechnik 5}},

  Address                  = {Saarbr{\"u}cken},
  Author                   = {Rudolph, Joachim},
  HowPublished             = {Vorlesungsskriptum},
  Year                     = {2010}
}

@Article{Rudolph:InvariantTrackingPAMM,
  Title                    = {{Invariant tracking for planar rigid body dynamics}},
  Author                   = {Rudolph, J. and Fr{\"o}hlich, R.},
  Journal                  = {Proc. Appl. Math. Mech.},
  Year                     = {2003},
  Pages                    = {9--12},
  Volume                   = {2}
}

@Article{Ryll2014,
  Title                    = {A Novel Overactuated Quadrotor Unmanned Aerial Vehicle: Modeling, Control, and Experimental Validation},
  Author                   = {Ryll, M. and Bilthoff, H.H. and Robuffo Giordano, P.},
  Journal                  = {IEEE Trans. Control Syst. Technol.},
  Year                     = {2014},
  Number                   = {2},
  Pages                    = {540--556},
  Volume                   = {23},

  Owner                    = {drk},
  Timestamp                = {2018.04.27}
}

@Article{Salazar-Cruz2009,
  Title                    = {Stabilization and nonlinear control for a novel trirotor mini-aircraft},
  Author                   = {Salazar-Cruz, S. and Lozano, R. and Escare{\~n}o, J.},
  Journal                  = {Control Eng. Pract.},
  Year                     = {2009},
  Number                   = {8},
  Pages                    = {886--894},
  Volume                   = {17},

  Owner                    = {drk},
  Timestamp                = {2018.04.27}
}

@Book{vdSchaft:NonlinearDynamicalControlSystems,
  Title                    = {{Nonlinear Dynamical Control Systems}},
  Author                   = {van der Schaft, Arjan and Nijmeijer, Henk},
  Publisher                = {Springer},
  Year                     = {1990},

  Address                  = {Berlin Heidelberg},
  Edition                  = {3rd}
}

@Article{Schaft:StabilizationOfHamiltonianSystems,
  Title                    = {{Stabilization of Hamiltonian systems}},
  Author                   = {van der Schaft, A. J.},
  Journal                  = {Nonlinear Analysis: Theory, methods \& analysis},
  Year                     = {1986},
  Number                   = {10},
  Pages                    = {1021--1035},
  Volume                   = {10},

  -keywords                = {Hamiltonian systems; Euler-Lagrange equations; asymptotic stability; Lyapunov theory; output feedback},
  -url                     = {http://doc.utwente.nl/69703/},
  Publisher                = {{Pergamon Press}}
}

@Article{Schlacher:ConstructionOfFlatOutputs,
  Title                    = {Construction of Flat Outputs by Reduction and Elimination},
  Author                   = {K. Schlacher and M. Schöberl},
  Journal                  = {CD Proceedings IFAC Symposium on Nonlinear Control Systems},
  Year                     = {2007},
  Pages                    = {666-671},

  Owner                    = {matthias},
  Timestamp                = {2021.03.07}
}

@Book{Shabana:MultibodySystems,
  Title                    = {{Dynamics of Multibody Systems}},
  Author                   = {Shabana, A. A.},
  Publisher                = {Cambridge University Press},
  Year                     = {2005},
  Edition                  = {3}
}

@Book{Ramirez:FlatSystems,
  Title                    = {{Differential Flat Systems}},
  Author                   = {Sira--Ramirez, H. and Agrawal, S. K.},
  Publisher                = {Marcel Dekker},
  Year                     = {2004}
}

@Book{Slotine:AppliedNonlinearControl,
  Title                    = {Applied Nonlinear Control},
  Author                   = {Slotine, J.-J. and Li, W.},
  Publisher                = {Springer},
  Year                     = {1991}
}

@Book{Spivak:DiffGeo,
  Title                    = {A Comprehensive Introduction to Differential Geometry},
  Author                   = {Spivak, M.},
  Publisher                = {Publish or Perish},
  Year                     = {1999},

  Owner                    = {matthias},
  Timestamp                = {2017.06.25}
}

@Article{Spong:Acrobot,
  Title                    = {{The Swing Up Control Problem For The Acrobot}},
  Author                   = {Spong, M. W.},
  Journal                  = {IEEE Control Systems},
  Year                     = {1995},
  Number                   = {1},
  Pages                    = {49--55},
  Volume                   = {15}
}

@Book{Spong:RobotModelingAndControl,
  Title                    = {Robot Modeling and Control},
  Author                   = {Spong, M. W. and Hutchinson, S. and Vidyasagar, M.},
  Publisher                = {Wiley},
  Year                     = {2006}
}

@InCollection{Synge:ClassicalDynamics,
  Title                    = {Classical Dynamics},
  Author                   = {Synge, J. L.},
  Booktitle                = {Encyclopedia of Physics},
  Publisher                = {Springer},
  Year                     = {1960},

  Owner                    = {matthias},
  Timestamp                = {2017.06.30}
}

@Article{Synge:GeometryOfDynamics,
  Title                    = {On the Geometry of Dynamics},
  Author                   = {Synge, J. L.},
  Journal                  = {Philosophical Transactions of the Royal Society of London},
  Year                     = {1927},

  Owner                    = {matthias},
  Timestamp                = {2017.06.30}
}

@Book{Szabo:Geschichte,
  Title                    = {Geschichte der mechanischen Prinzipien},
  Author                   = {Szab{\'o}, I.},
  Publisher                = {Springer},
  Year                     = {1976},

  Owner                    = {matthias},
  Timestamp                = {2017.01.15}
}

@Book{Szabo:TM,
  Title                    = {{Einf{\"u}hrung in die Technische Mechanik}},
  Author                   = {Szab{\'o}, I.},
  Publisher                = {Springer},
  Year                     = {1975},

  _address                 = {Berlin Heidelberg}
}

@Book{Szabo:HM,
  Title                    = {{H{\"o}here Technische Mechanik}},
  Author                   = {Szab{\'o}, I.},
  Publisher                = {Springer},
  Year                     = {1956},

  _address                 = {Berlin Heidelberg}
}

@Article{thull2005infinit,
  Title                    = {Infinit-dimensionale Regelung eines Br{\"u}ckenkranes mit schweren Ketten (Infinite-dimensional Control of a Gantry Crane with Heavy Chains)},
  Author                   = {Thull, Daniel and Wild, Daniel and Kugi, Andreas},
  Journal                  = {at-Automatisierungstechnik},
  Year                     = {2005},
  Number                   = {8},
  Pages                    = {400--410},
  Volume                   = {53}
}

@Book{TietzeSchenk:Halbleiter-Schaltungstechnik,
  Title                    = {Halbleiter-Schaltungstechnik},
  Author                   = {Tietze, U. and Schenk, Ch.},
  Publisher                = {Springer},
  Year                     = {1999},
  Edition                  = {11},

  Owner                    = {matthias},
  Timestamp                = {2017.11.11}
}

@Article{Udwadia:GeneralForm,
  Title                    = {What is the General Form of the Explicit Equations of Motion for Constrained Mechanical Systems?},
  Author                   = {F. E. Udwadia and R. E. Kalaba},
  Journal                  = {Journal of Applied Mechanics},
  Year                     = {2002},
  Pages                    = {335--339},
  Volume                   = {69},

  Owner                    = {matthias},
  Timestamp                = {2019.09.21}
}

@Book{UdwadiaKalaba:AnalyticalDynamics,
  Title                    = {Analytical Dynamics},
  Author                   = {Udwadia, F. E. and Kalaba, R. E.},
  Publisher                = {Cambridge University Press},
  Year                     = {1996},

  Owner                    = {matthias},
  Timestamp                = {2017.07.01}
}

@Booklet{VN100Manual,
  Title                    = {{VN-100 User Manual}},
  Author                   = {VECTORNAV},
  Year                     = {2009}
}

@Article{Vierkandt:RollendeBewegung,
  Title                    = {{Über gleitende und rollende Bewegung}},
  Author                   = {Vierkandt, A.},
  Journal                  = {A. Monatsh. f. Mathematik und Physik},
  Year                     = {1892},

  Owner                    = {matthias},
  Timestamp                = {2017.01.17}
}

@Article{Wahba:WahbaProblem,
  Title                    = {A Least Squares Estimate of Satellite Attitude},
  Author                   = {Grace Wahba},
  Journal                  = {SIAM Review},
  Year                     = {1965},
  Number                   = {3},
  Pages                    = {409},
  Volume                   = {7},

  Owner                    = {matthias},
  Timestamp                = {2022.02.14}
}

@Book{Wittenburg:DynamicsOfMultibodySystems,
  Title                    = {Dynamics of Multibody Systems},
  Author                   = {Wittenburg, J.},
  Publisher                = {Springer},
  Year                     = {2008},
  Edition                  = {2},

  ISBN                     = {978-3-642-86466-7,978-3-642-86464-3}
}

@Book{Wittenburg:DynamicsOfSystemsOfRigidBodies,
  Title                    = {Dynamics of Systems of Rigid Bodies},
  Author                   = {Wittenburg, J.},
  Publisher                = {Teubner},
  Year                     = {1977},

  ISBN                     = {3519023377,9783519023371}
}

@Article{Zeitz:VorsteuerungFrequenzbereich,
  Title                    = {{Vorsteuerungs-Entwurf im Frequenzbereich: Offline oder Online}},
  Author                   = {Zeitz, M.},
  Journal                  = {at - Automatisierungstechnik},
  Year                     = {2012},
  Number                   = {60},
  Pages                    = {375--383}
}

@Article{Zeitz:FlatnessSISO,
  Title                    = {{Differenzielle Flachheit: Eine nützliche Methodik auch für lineare SISO-Systeme}},
  Author                   = {Zeitz, M.},
  Journal                  = {at - Automatisierungstechnik},
  Year                     = {2010},
  Number                   = {1},
  Pages                    = {5--13},
  Volume                   = {58},

  Owner                    = {matthias},
  Timestamp                = {2018.03.24}
}

@InProceedings{Zenkov:MatchinLowDimensional,
  Title                    = {{Matching and Stabilization of Low-dimensional Nonholonomic Systems}},
  Author                   = {Zenkov, D.V. and Bloch, A.M. and Leonard, N.E. and Marsden, J.E.},
  Booktitle                = {{Proc. CDC 39}},
  Year                     = {2000},
  Pages                    = {1289--1295}
}

@Article{Zenkov:UnicycleLyapunovMalkin,
  Title                    = {{The Lyapunov--Malkin theorem and Stabilization of the Unicycle with Rider}},
  Author                   = {Zenkov, D.V. and Bloch, A.M. and Marsden, J.E.},
  Journal                  = {Systems \& Control Letters},
  Year                     = {2002},
  Number                   = {4},
  Pages                    = {293--302},
  Volume                   = {45}
}

@InProceedings{Zhang:Rotorcraft,
  Title                    = {{Differential Flat Control for Rotorcraft Trajectory Tracking}},
  Author                   = {Zhang, N. and Andrei, G. and Drouin, A. and Mora-Camino, F.},
  Booktitle                = {{Proc. Int. MultiConf. of Engineers and Computer Scientists}},
  Year                     = {2009},

  _month                   = {march}
}

